<record><leader>00000cas a2200000 a 4500</leader><controlfield tag="001">33345689</controlfield><controlfield tag="007">hd bfu---baat</controlfield><controlfield tag="007">hd afu---bact</controlfield><controlfield tag="008">951023d19001902nbudn nea     0    0eng d</controlfield><datafield ind1=" " ind2=" " tag="010"><subfield code="a">sn 95073122 </subfield></datafield><datafield ind1=" " ind2=" " tag="040"><subfield code="a">NVG</subfield><subfield code="b">eng</subfield><subfield code="c">NVG</subfield><subfield code="d">OCL</subfield><subfield code="d">OCLCQ</subfield><subfield code="d">OCLCF</subfield><subfield code="d">OCLCO</subfield><subfield code="d">OCLCQ</subfield></datafield><datafield ind1=" " ind2=" " tag="042"><subfield code="a">msc</subfield></datafield><datafield ind1=" " ind2=" " tag="043"><subfield code="a">n-us-nb</subfield></datafield><datafield ind1="0" ind2="0" tag="245"><subfield code="a">South Omaha daily times.</subfield></datafield><datafield ind1="1" ind2=" " tag="246"><subfield code="i">Title in publisher's box:</subfield><subfield code="a">South Omaha times</subfield><subfield code="f">&lt;May 14, 1901&gt;-Apr. 3, 1902</subfield></datafield><datafield ind1=" " ind2=" " tag="260"><subfield code="a">South Omaha, Neb. :</subfield><subfield code="b">Magic City Print. &amp; Pub. Co.,</subfield><subfield code="c">-1902.</subfield></datafield><datafield ind1=" " ind2=" " tag="300"><subfield code="a">volumes</subfield></datafield><datafield ind1=" " ind2=" " tag="310"><subfield code="a">Daily (except Sun.)</subfield></datafield><datafield ind1=" " ind2=" " tag="336"><subfield code="a">text</subfield><subfield code="b">txt</subfield><subfield code="2">rdacontent</subfield></datafield><datafield ind1=" " ind2=" " tag="337"><subfield code="a">microform</subfield><subfield code="b">h</subfield><subfield code="2">rdamedia</subfield></datafield><datafield ind1=" " ind2=" " tag="338"><subfield code="a">microfilm reel</subfield><subfield code="b">hd</subfield><subfield code="2">rdacarrier</subfield></datafield><datafield ind1="1" ind2=" " tag="362"><subfield code="a">Began in 1900.</subfield></datafield><datafield ind1="0" ind2=" " tag="362"><subfield code="a">-no. 365 (Nov. 8, 1901) ; v. 15, no. 275 (Nov. 9, 1901)-v. 16, no. 83 (Apr. 3, 1902).</subfield></datafield><datafield ind1=" " ind2=" " tag="580"><subfield code="a">Absorbed: Daily sun (South Omaha (Omaha, Neb.)), 1901 ; Daily tribune (South Omaha (Omaha, Neb.) : 1900), 1901.</subfield></datafield><datafield ind1=" " ind2=" " tag="580"><subfield code="a">Weekly edition: Magic city hoof and horn, May 1901-Apr. 1902.</subfield></datafield><datafield ind1=" " ind2=" " tag="588"><subfield code="a">Description based on: No. 95 (Dec. 22, 1900).</subfield></datafield><datafield ind1=" " ind2=" " tag="533"><subfield code="a">Microfilm.</subfield><subfield code="m">1900-1902:[Gaps]</subfield><subfield code="b">Lincoln, Neb. :</subfield><subfield code="c">Nebraska State Historical Society,</subfield><subfield code="d">1975-[1979].</subfield><subfield code="e">2 microfilm reels ; 35 mm.</subfield></datafield><datafield ind1=" " ind2="0" tag="651"><subfield code="a">South Omaha (Omaha, Neb.)</subfield><subfield code="v">Newspapers.</subfield></datafield><datafield ind1=" " ind2="7" tag="651"><subfield code="a">Nebraska</subfield><subfield code="z">Omaha</subfield><subfield code="z">South Omaha.</subfield><subfield code="2">fast</subfield><subfield code="0">(OCoLC)fst01318759</subfield></datafield><datafield ind1=" " ind2="7" tag="655"><subfield code="a">Newspapers.</subfield><subfield code="2">fast</subfield><subfield code="0">(OCoLC)fst01423814</subfield></datafield><datafield ind1=" " ind2=" " tag="752"><subfield code="a">United States</subfield><subfield code="b">Nebraska</subfield><subfield code="c">Douglas</subfield><subfield code="d">Omaha.</subfield></datafield><datafield ind1=" " ind2=" " tag="752"><subfield code="a">United States</subfield><subfield code="b">Nebraska</subfield><subfield code="c">Douglas</subfield><subfield code="d">South Omaha.</subfield></datafield><datafield ind1="1" ind2=" " tag="775"><subfield code="t">Magic City hoof and horn</subfield><subfield code="w">(DLC)sn 95073125</subfield></datafield><datafield ind1="0" ind2="0" tag="780"><subfield code="t">Daily times (South Omaha (Omaha, Neb.) : 1900)</subfield><subfield code="w">(DLC)sn 95073121</subfield></datafield><datafield ind1="1" ind2="5" tag="780"><subfield code="t">Daily sun (South Omaha (Omaha, Neb.))</subfield><subfield code="w">(DLC)sn 95073124</subfield></datafield><datafield ind1="1" ind2="5" tag="780"><subfield code="t">Daily tribune (South Omaha, (Omaha, Neb.) : 1900)</subfield><subfield code="w">(DLC)sn 95073129</subfield></datafield><datafield ind1="0" ind2="0" tag="785"><subfield code="t">Daily times (South Omaha (Omaha, Neb.) : 1902)</subfield><subfield code="w">(DLC)sn 95073123</subfield></datafield><datafield ind1="1" ind2=" " tag="029"><subfield code="a">AU@</subfield><subfield code="b">000012081938</subfield></datafield></record>